@Mastersthesis{Silva-Fabio-Rodrigues:2010:CloudComputing,
 author = {Fabrício Rodrigues Henriques da Silva},
 title = {Um estudo sobre os benefícios e os riscos de segurança na utilização de cloud computing},
 school = {Unisuam},
 year = {2010}
}

@Mastersthesis{Costa-Guilherme:2009:SOA,
 author = {Guilherme Albino da Costa},
 title = {Arquitetura Orientada a Serviços: Aplicabilidade das boas práticas do mundo SOA no projeto de software},
 school = {Universidade Estadual de Campinas},
 year = {2009}
}

@Mastersthesis{Tania:2010:Scanners,
 author = {Tania Basso},
 title = {Uma Abordagem para Avaliação da Eficácia de Scanners de Vulnerabilidade para Aplicações Web},
 school = {Universidade Estadual de Campinas},
 year = {2010}
}

@Manual{W3C:XML,
	organization = {W3C},
	title = {Extensible Markup Language (XML) 1.0},
	year = {2008},
	edition = {Fifth Edition}
}

@Manual{W3C:XPath,
  organization = {W3C},
  title = {XML Path Language},
  year = {1999}
}

@Manual{RFC:2616,
  organization = {Internet Engineering Task Force},
  title = {Hypertext Transfer Protocol -- HTTP/1.1},
  year = {1999}
}

@Manual{W3Schools:XPath,
	organization = {W3Schools},
	title = {XPath Tutorial},
}

@Misc{devWorks:XPath,
	author = {Robin Sen},
	title  ={Avoid the dangers of XPath injection},
	year = {2007},
	howpublished = {\url{http://www.ibm.com/developerworks/xml/library/x-xpathinjection/index.html}}
}

@Misc{WASC:XPath,
  author = {Web Application Security Consortium},
  title = {XPath Injection},
  year = {2009},
  howpublished = {\url{http://projects.webappsec.org/w/page/13247005/XPath-Injection}}
}

@Misc{site:arachni,
	author = {Tasos Laskos},
	title  ={Arachni - Web Application Security Scanner Framework},
	year = {2011},
	howpublished = {\url{http://zapotek.github.com/arachni/}}
}

@Misc{site:w3af,
	author = {Andrés Riancho},
	title  ={w3af - Web Application Attack and Audit Framework},
	year = {2011},
	howpublished = {\url{http://w3af.sourceforge.net/}}
}

@Misc{site:w3af:plugins,
	author = {Andrés Riancho},
	title  ={w3af - Plugins and descriptions},
	year = {2011},
	howpublished = {\url{http://w3af.sourceforge.net/plugin-descriptions.php}}
}

@Misc{w3af:rapid7,
	author = {Rapid7},
	title  ={Rapid7 Launches Worldwide Center Of Excellence For Web Security And Kicks Off Initiative With W3AF Sponsorship And Partnership},
	year = {2010},
	howpublished = {\url{http://www.rapid7.com/news-events/press-releases/2010/2010-w3af.jsp}}
}

@Misc{site:webcruiser,
	author = {Janus Security Corporation},
	title  ={WebCruiser | Web Vulnerability Scanner, SQL Injection Tool !},
	year = {2011},
	howpublished = {\url{http://sec4app.com/}}
}

@Book{AJAX-PHP-WebApps,
  author = {Bogdan Brinzarea and Cristian Darie and Filip Chereches-Tosa and Mihai Bucica},
  title = {AJAX and PHP: Building Responsive Web Applications},
  publisher = {Packt Publishing},
  year = {2005}
}

@Article{zdnet:IntroCloud,
  author = {Donna Bogatin},
  title = {Google CEO's new paradigm: 'cloud computing and advertising go hand-in-hand'},
  journal = {ZDNet},
  year = {2006}
}

@Misc{About:InternetHistory,
  author = {Daniel Nations},
  title = {Internet History},
  year = {2011},
  howpublished = {\url{http://webtrends.about.com/od/history/a/history1.htm}}
}

@Misc{About:WebApps,
  author = {Daniel Nations},
  title = {What is a Web Application?},
  year = {2011},
  howpublished = {\url{http://webtrends.about.com/od/webapplications/a/web_application.htm}}
}